%% Bibliography for the thesis

@article{kouwen93,
  title={Grouped response units for distributed hydrologic modeling},
  author={Kouwen, N and Soulis, ED and Pietroniro, A and Donald, J and Harrington, RA},
  journal={Journal of Water Resources Planning and Management},
  volume={119},
  number={3},
  pages={289--305},
  year={1993},
  publisher={American Society of Civil Engineers}
}

@article{nixon1988,
  title={Physical energy inputs and the comparative ecology of lake and marine ecosystems},
  author={Nixon, Scott W},
  journal={Limnology and Oceanography},
  volume={33},
  number={4part2},
  pages={1005--1025},
  year={1988},
  publisher={Wiley Online Library}
}

@article{duarte2005,
  title={Major role of marine vegetation on the oceanic carbon cycle},
  author={Duarte, Carlos M and Middelburg, Jack J and Caraco, Nina F and others},
  journal={Biogeosciences},
  volume={2},
  number={1},
  pages={1--8},
  year={2005}
}
@article{kennedy2010,
  title={Seagrass sediments as a global carbon sink: isotopic constraints},
  author={Kennedy, Hilary and Beggins, Jeff and Duarte, Carlos M and Fourqurean, James W and Holmer, Marianne and Marb{\`a}, N{\'u}ria and Middelburg, Jack J},
  journal={Global Biogeochemical Cycles},
  volume={24},
  number={4},
  year={2010},
  publisher={Wiley Online Library}
}

@article{rooker98,
  title={Vulnerability of newly settled red drum (Sciaenops ocellatus) to predatory fish: is early-life survival enhanced by seagrass meadows?},
  author={Rooker, JR and Holt, GJ and Holt, SA},
  journal={Marine Biology},
  volume={131},
  number={1},
  pages={145--151},
  year={1998},
  publisher={Springer}
}
@book{green2003world,
  title={World atlas of seagrasses},
  author={Green, Edmund Peter and Short, Frederick T},
  year={2003},
  publisher={Univ of California Press}
}
@article{duarte1999,
  title={Seagrass biomass and production: a reassessment},
  author={Duarte, Carlos M and Chiscano, Carina L},
  journal={Aquatic botany},
  volume={65},
  number={1},
  pages={159--174},
  year={1999},
  publisher={Elsevier}
}
@article{Lax1956,
author = "P.D. Lax and R. D. Richtmyer",
title = "Survey of the stability of linear finite difference equations",
year = "1956",
journal = "Comm. Pure Appl. Math",
volume = "9",
pages = "267-293",
}

@article{Cooley1965,
  author = "J.W. Cooley and J.W. Tukey",
  title = "An algorithm for the machine calculation of complex {F}ourier series",
  year = "1965",
  journal = "The Mathematics of Computations",
  volume = "19",
  pages = "297-301",
}
@article{Banach1924,
  author = "S. Banach and A. Tarski",
  title = "Sur la décomposition des ensembles de points en parties
    respectivement congruentes",
  year = "1924",
  journal = "Fundamenta Mathematicae",
  volume = "6",
  pages = "244-277",
}

@article{Delangre06,
	author = "C. Py and E. {De Langre} and B. Moulia",
	journal = "J. Fluid Mech.",
	pages = "425--449",
	title = "{A frequency lock-in mechanism in the interaction between wind and crop canopies}",
	volume = "568",
	year = "2006"
}

@article{Delangre04,
	author = "C. Py and E. {De Langre} and B. Moulia",
	journal = "Elevier",
	pages = "613--618",
	title = "{The mixing layer instability of wind over a flexible crop canopy}",
	year = "2004"
}

@article{Raupach96,
	author = "M. R. Raupach and J. J. Finnigan and Y.Brunet",
	journal = "Boundary-Layer Meteorology",
	pages = "351--382",
	title = "{Cohrent eddies and turbulence in vegetation canopies: The mixing layer analogy}",
	volume = "78",
	year = "1996"
}


@article{Nepf99,
  title={Drag, turbulence, and diffusion in flow through emergent vegetation},
  author={Nepf, H. M.},
  journal={Water resources research},
  volume={35},
  number={2},
  pages={479--489},
  year={1999},
  publisher={Wiley Online Library}
}

@article{Nepf00,
	author = "H. M. Nepf and E. R. Vivoni",
	journal = "J. Geophys. Res.",
	pages = "28,547--28,557",
	title = "{Flow structure in depth-limited vegetated flow}",
	volume = "105",
	year = "2000"
}

@article{Ghisal02,
	author = "{M. Ghisalberti and H. M. Nepf}",
	journal = "J. Geophys. Res.",
	title = "{Mixing layer and cohrent structures in vegetated aquatic flows}",
	volume = "107",
	year = "2002"
}

@article{Nepf04,
  title={The limited growth of vegetated shear layers},
  author={Ghisalberti, M. and Nepf, H. M.},
  journal={Water Resources Research},
  volume={40},
  number={7},
  year={2004},
  pages = {},
  publisher={Wiley Online Library}
}


@article{Nepf06,
	author = {M. Ghisalberti and H. M. Nepf},
	journal = {Enviornmental Fluid Mechanics},
	pages = {277--301},
	title = {The sructures of shear layer in flows over rigid and flexible canopies},
	year = {2006}
}

@article{Nepf07,
	author = "H. M. Nepf and B. White and E. Murphy",
	journal = "Water Resources Research",
	title = "{Retention time and dispersion associated with submerged aquatic canopies}",
	volume = "43",
	year = "2007"
}

@article{Nepf08,
  title={A vortex-based model of velocity and shear stress in a partially vegetated shallow channel},
  author={White, B. L. and Nepf, H. M.},
  journal={Water Resources Research},
  volume={44},
  number={1},
  year={2008},
  publisher={Wiley Online Library}
}


@article{Nepf08_2,
	author = "M. Ghisalberti and H. M. Nepf",
	journal = "Versita",
	pages = "753--777",
	title = "{Flow and transport in channels with submerged vegetation}",
	volume = "56",
	year = "2008"
}

@article{Nepf2012,
  title={Flow and transport in regions with aquatic vegetation},
  author={H. M. Nepf},
  journal={Annual Review of Fluid Mechanics},
  volume={44},
  pages={123--142},
  year={2012},
  publisher={Annual Reviews}
}

@article{Garry74,
	author = "G. L. Brown and Antol Roshko",
	journal = "J. Fluid Mech.",
	pages = "775--816",
	title = "{On density effects and large structure in turbulent mixing layers}",
	volume = "64",
	year = "1974"
}

@article{Fon87,
	author = "M. S. Foneseca and W. J. Kenworthy",
	journal = "Aquat. Bot.",
	title = "{Effect of current on photosynthesis and disribution of sea grass}",
	year = "1987"
}

@article{Raupach94,
	author = "Y. Brunet and J. J. Finnigan and Raupach, M.R.",
	journal = "Boundary-Layer Meteorology",
	pages = "95--132",
	title = "{A wind tunnel study of air flow in waving wheat: single point velocity statistics}",
	volume = "70",
	year = "1994"
}

@article{Raupach11,
	author = "M. Bohm and J. J. Finnigan and M. R. Raupach and D. Hughes",
	journal = "Boundary-Layer Meteorol.",
	pages = "393--419",
	title = "{Turbulence sructure within and above a canopy of bluff elements}",
	volume = "146",
	year = "2013"
}

@article{Zhuang93,
	author = "Y. Zhuang and B. D. Amiro",
	journal = "J. of Applied Meteorology",
	pages = "704--711",
	title = "{Pressure Fluctuations during Coherent Motions and Their Effects on the Budgets of Turbulent Kinetic Energy and Momentum Flux with in a Forest Canopy}",
	volume = "33"
}

@article{Ho&Huerre84,
	author = "C-M Ho and P. Huerre",
	journal = "Ann. Rev. Fluid Mech.",
	pages = "365--424",
	title = "{Perturbed Free Shear Layers}",
	volume = "16",
	year = "1984"
}

@article{AckermanOkubo93,
	author = "J. D. Ackerman and A. Okubo",
	journal = "Functional Ecology",
	pages = "305--309",
	title = "{Reduced mixing in a marine macrophyte canopy}",
	volume = "7",
	year = "1993"
}

@article{Fonseca87,
	author = "M. S. Fonseca and W. J. Kenworthy",
	issn = "0304-3770",
	journal = "Aquatic Botany",
	note = "Environmental Impacts On Seagrasses",
	number = "1",
	pages = "59--78",
	title = "{Effects of current on photosynthesis and distribution of seagrasses}",
	volume = "27",
	year = "1987"
}

@article{Grizzle96,
	author = "R. E. Grizzle and F. T. Short and C. R. Newell and H. Hoven and L. Kindblom",
	issn = "0022-0981",
	journal = "Journal of Experimental Marine Biology and Ecology",
	number = "1--2",
	pages = "165--177",
	title = "{Hydrodynamically induced synchronous waving of seagrasses: {\lq}monami{\rq} and its possible effects on larval mussel settlement}",
	volume = "206",
	year = "1996"
}

@article{Inoue55_2,
  title={Studies of the phenomena of waving plants (“HONAMI”) caused by wind. Part 2: Spectra of waving plants and plants vibration},
  author={Inoue, E},
  journal={Journal of Agricultural Meteorology (Tokyo)},
  volume={11},
  pages={87--90},
  year={1955}
}

@article{Inoue55_1,
  title={Studies of the phenomena of waving plants (” honami”) caused by wind. Part 1: Mechanism and characteristics of waving plants phenomena},
  author={Inoue, E},
  journal={J. Agric. Meteorol.(Japan)},
  volume={11},
  pages={18--22},
  year={1955}
}

@article{Inoue56,
	author = "E. Inoue",
	journal = "J. of Agri. Meteor.",
	number = "4",
	pages = "147--151",
	title = "{Studies of the Phenomena of Waving Plants Caused by Wind}",
	volume = "11",
	year = "1956"
}

@mastersthesis{Vivoni98,
	author = "E. R. Vivoni",
	school = "MIT",
	title = "Turbulence Structure of a Model Seagrass Meadow",
	year = "1998"
}


@article{Wilson88,
  title={A second-order closure model for flow through vegetation},
  author={Wilson, J. D.},
  journal={Boundary-Layer Meteorology},
  volume={42},
  number={4},
  pages={371--392},
  year={1988},
  publisher={Springer}
}

@article{White07,
  title={Shear instability and coherent structures in shallow flow adjacent to a porous layer},
  author={White, B. L. and Nepf, H. M.},
  journal={Journal of Fluid Mechanics},
  volume={593},
  pages={1--32},
  year={2007},
  publisher={Cambridge Univ Press}
}

@PhdThesis{Fonseca98,
 author = {M. Fonseca},
 title = {Exploring the basic pattern expression in seagrass landscape},
 school = {University of California, Berkeley},
 year = {1998}
}

@article{Drazin81,
  title={Hydrodynamic stability},
  author={Drazin, P. G. and Reid, W. H.},
  year = {1981},
  journal={Cambridge U. Press, Cambridge}
}

@article{Okamoto12,
  title={Vertical mass and momentum transport in open-channel flows with submerged vegetations},
  author={Okamoto, T. and Nezu, I. and Ikeda, H.},
  journal={Journal of Hydro-environment Research},
  volume={6},
  number={4},
  pages={287--297},
  year={2012},
  publisher={Elsevier}
}

@article{Okamoto09,
	author = "Okamoto, T. and Nezu, I.",
	journal = "Journal of Hydraulic Research",
	number = "6",
	pages = "798--810",
	publisher = "Taylor \& Francis",
	title = "{Turbulence structure and ``Monami'' phenomena in flexible vegetated open-channel flows}",
	volume = "47",
	year = "2009"
}

@article{Ikeda96,
	author = "Ikeda, S. and Kanazawa, M.",
	journal = "Journal of Hydraulic Engineering",
	number = "11",
	pages = "634--640",
	publisher = "American Society of Civil Engineers",
	title = "{Three-dimensional organized vortices above flexible water plants}",
	volume = "122",
	year = "1996"
}

@article{Rayleigh1879,
	author = "{Rayleigh}",
	journal = "Proceedings of the London Mathematical Society",
	number = "1",
	pages = "57--72",
	publisher = "Oxford University Press",
	title = "{On the stability, or instability, of certain fluid motions}",
	volume = "1",
	year = "1879"
}

@article{Chen97,
	author = "Chen, D. and Jirka, G. H.",
	journal = "Journal of Fluid Mechanics",
	pages = "157--172",
	publisher = "Cambridge Univ Press",
	title = "{Absolute and convective instabilities of plane turbulent wakes in a shallow water layer}",
	volume = "338",
	year = "1997"
}

@article{Chu91,
	author = "Chu, V. H. and Wu, {J-H} and Khayat, R. E.",
	journal = "Journal of Hydraulic Engineering",
	number = "10",
	pages = "1370--1388",
	publisher = "American Society of Civil Engineers",
	title = "{Stability of transverse shear flows in shallow open channels}",
	volume = "117",
	year = "1991"
}

@article{Pedras00,
title = "On the definition of turbulent kinetic energy for flow in porous media ",
journal = "International Communications in Heat and Mass Transfer ",
volume = "27",
number = "2",
pages = "211 - 220",
year = "2000",
note = "",
issn = "0735-1933",
author = "Marcos H.J Pedras and Marcelo J.S de Lemos",
}

@article{chandler96,
  title={A study of eelgrass beds in Boston Harbor and northern Massachusetts bays},
  author={Chandler, M and Colarusso, P and Buchsbaum, R},
  journal={Submitted to US Environmental Protection Agency, Narragansett, RI. 50pp.+ tables and figures},
  year={1996}
}
@book{Hinch1991,
  title={Perturbation methods},
  author={Hinch, E. J.},
  year={1991},
  publisher={Cambridge university press}
}

@inproceedings{garcia1996,
  title={Role of vegetation in hydraulics of channel restoration},
  author={Garc{\'\i}a, Marcelo H},
  booktitle={North American Water and Environment Congress \& Destructive Water},
  pages={2607--2612},
  year={1996},
  organization={ASCE}
}
